@inproceedings{SmallCache,
 author = {Fan, Bin and Lim, Hyeontaek and Andersen, David G. and Kaminsky, Michael},
 title = {Small Cache, Big Effect: Provable Load Balancing for Randomly Partitioned Cluster Services},
 booktitle = {Proceedings of the 2Nd ACM Symposium on Cloud Computing},
 series = {SOCC '11},
 year = {2011},
 isbn = {978-1-4503-0976-9},
 location = {Cascais, Portugal},
 pages = {23:1--23:12},
 articleno = {23},
 numpages = {12},
 url = {http://doi.acm.org/10.1145/2038916.2038939},
 doi = {10.1145/2038916.2038939},
 acmid = {2038939},
 publisher = {ACM},
 address = {New York, NY, USA},
 keywords = {caching, clusters, load balancing, performance},
}

@inproceedings{Huang14,
 author = {Huang, Qi and Gudmundsdottir, Helga and Vigfusson, Ymir and Freedman, Daniel A. and Birman, Ken and van Renesse, Robbert},
 title = {Characterizing Load Imbalance in Real-World Networked Caches},
 booktitle = {Proceedings of the 13th ACM Workshop on Hot Topics in Networks},
 series = {HotNets-XIII},
 year = {2014},
 isbn = {978-1-4503-3256-9},
 location = {Los Angeles, CA, USA},
 pages = {8:1--8:7},
 articleno = {8},
 numpages = {7},
 url = {http://doi.acm.org/10.1145/2670518.2673882},
 doi = {10.1145/2670518.2673882},
 acmid = {2673882},
 publisher = {ACM},
 address = {New York, NY, USA},
 keywords = {Caching, Load Balancing, Networking},
}

@inproceedings{Jin17,
 author = {Jin, Xin and Li, Xiaozhou and Zhang, Haoyu and Soul{\'e}, Robert and Lee, Jeongkeun and Foster, Nate and Kim, Changhoon and Stoica, Ion},
 title = {NetCache: Balancing Key-Value Stores with Fast In-Network Caching},
 booktitle = {Proceedings of the 26th Symposium on Operating Systems Principles},
 series = {SOSP '17},
 year = {2017},
 isbn = {978-1-4503-5085-3},
 location = {Shanghai, China},
 pages = {121--136},
 numpages = {16},
 url = {http://doi.acm.org/10.1145/3132747.3132764},
 doi = {10.1145/3132747.3132764},
 acmid = {3132764},
 publisher = {ACM},
 address = {New York, NY, USA},
 keywords = {Caching, Key-value stores, Programmable switches},
} 

@inproceedings{Li16,
 author = {Li, Xiaozhou and Sethi, Raghav and Kaminsky, Michael and Andersen, David G. and Freedman, Michael J.},
 title = {Be Fast, Cheap and in Control with SwitchKV},
 booktitle = {Proceedings of the 13th Usenix Conference on Networked Systems Design and Implementation},
 series = {NSDI'16},
 year = {2016},
 isbn = {978-1-931971-29-4},
 location = {Santa Clara, CA},
 pages = {31--44},
 numpages = {14},
 url = {http://dl.acm.org/citation.cfm?id=2930611.2930614},
 acmid = {2930614},
 publisher = {USENIX Association},
 address = {Berkeley, CA, USA},
}

@article{Dean13,
title = {The Tail at Scale},
author  = {Jeffrey Dean and Luiz Andr√© Barroso},
year  = {2013},
URL = {http://cacm.acm.org/magazines/2013/2/160173-the-tail-at-scale/fulltext},
journal = {Communications of the ACM},
pages = {74-80},
volume  = {56}
}

@inproceedings{Raab98,
 author = {Raab, Martin and Steger, Angelika},
 title = {"Balls into Bins" - A Simple and Tight Analysis},
 booktitle = {Proceedings of the Second International Workshop on Randomization and Approximation Techniques in Computer Science},
 series = {RANDOM '98},
 year = {1998},
 isbn = {3-540-65142-X},
 pages = {159--170},
 numpages = {12},
 url = {http://dl.acm.org/citation.cfm?id=646975.711521},
 acmid = {711521},
 publisher = {Springer-Verlag},
 address = {London, UK, UK},
}

@inproceedings{Andersen09,
 author = {Andersen, David G. and Franklin, Jason and Kaminsky, Michael and Phanishayee, Amar and Tan, Lawrence and Vasudevan, Vijay},
 title = {FAWN: A Fast Array of Wimpy Nodes},
 booktitle = {Proceedings of the ACM SIGOPS 22Nd Symposium on Operating Systems Principles},
 series = {SOSP '09},
 year = {2009},
 isbn = {978-1-60558-752-3},
 location = {Big Sky, Montana, USA},
 pages = {1--14},
 numpages = {14},
 url = {http://doi.acm.org/10.1145/1629575.1629577},
 doi = {10.1145/1629575.1629577},
 acmid = {1629577},
 publisher = {ACM},
 address = {New York, NY, USA},
 keywords = {cluster computing, design, energy efficiency, flash, measurement, performance},
} 

